@article{qi2016pointnet,
  title={PointNet: Deep Learning on Point Sets for 3D Classification and Segmentation},
  author={Qi, Charles R and Su, Hao and Mo, Kaichun and Guibas, Leonidas J},
  journal={arXiv preprint arXiv:1612.00593},
  year={2016}
}
@article{qi2017pointnetplusplus,
      title={PointNet++: Deep Hierarchical Feature Learning on Point Sets in a Metric Space},
      author={Qi, Charles R and Yi, Li and Su, Hao and Guibas, Leonidas J},
      journal={arXiv preprint arXiv:1706.02413},
      year={2017}
}
@inproceedings{wu20153d,
  title={3d shapenets: A deep representation for volumetric shapes},
  author={Wu, Zhirong and Song, Shuran and Khosla, Aditya and Yu, Fisher and Zhang, Linguang and Tang, Xiaoou and Xiao, Jianxiong},
  booktitle={Proceedings of the IEEE conference on computer vision and pattern recognition},
  pages={1912--1920},
  year={2015}
}
@inproceedings{wei2016dense,
  title={Dense human body correspondences using convolutional networks},
  author={Wei, Lingyu and Huang, Qixing and Ceylan, Duygu and Vouga, Etienne and Li, Hao},
  booktitle={Computer Vision and Pattern Recognition (CVPR), 2016 IEEE Conference on},
  pages={1544--1553},
  year={2016},
  organization={IEEE}
}
@inproceedings{maturana2015voxnet,
  title={Voxnet: A 3d convolutional neural network for real-time object recognition},
  author={Maturana, Daniel and Scherer, Sebastian},
  booktitle={Intelligent Robots and Systems (IROS), 2015 IEEE/RSJ International Conference on},
  pages={922--928},
  year={2015},
  organization={IEEE}
}
@inproceedings{klokov2017escape,
  title={Escape from cells: Deep kd-networks for the recognition of 3d point cloud models},
  author={Klokov, Roman and Lempitsky, Victor},
  booktitle={2017 IEEE International Conference on Computer Vision (ICCV)},
  pages={863--872},
  year={2017},
  organization={IEEE}
}